<record><leader>00000cas a2200000 a 4500</leader><controlfield tag="001">26094205</controlfield><controlfield tag="008">920627d19311958ilucr ne      0   a0eng c</controlfield><datafield ind1=" " ind2=" " tag="010"><subfield code="a">sn 92055141 </subfield></datafield><datafield ind1=" " ind2=" " tag="040"><subfield code="a">NVF</subfield><subfield code="b">eng</subfield><subfield code="c">NVF</subfield><subfield code="d">CVF</subfield><subfield code="d">NVF</subfield><subfield code="d">OCLCQ</subfield><subfield code="d">OCLCF</subfield><subfield code="d">OCLCO</subfield><subfield code="d">NVF</subfield></datafield><datafield ind1=" " ind2=" " tag="042"><subfield code="a">pcc</subfield></datafield><datafield ind1=" " ind2=" " tag="043"><subfield code="a">n-us-il</subfield></datafield><datafield ind1="0" ind2=" " tag="130"><subfield code="a">Southtown economist (Chicago, Ill. : 1931)</subfield></datafield><datafield ind1="1" ind2="0" tag="245"><subfield code="a">Southtown economist.</subfield></datafield><datafield ind1=" " ind2=" " tag="260"><subfield code="a">Southtown, Chicago, Ill. :</subfield><subfield code="b">Foster &amp; McDonnell,</subfield><subfield code="c">1931-1958.</subfield></datafield><datafield ind1=" " ind2=" " tag="300"><subfield code="a">volumes</subfield></datafield><datafield ind1=" " ind2=" " tag="310"><subfield code="a">Semiweekly,</subfield><subfield code="b">Mar. 1, 1936-1958</subfield></datafield><datafield ind1=" " ind2=" " tag="321"><subfield code="a">Semiweekly,</subfield><subfield code="b">Oct. 13, 1931-Dec. 23, 1932</subfield></datafield><datafield ind1=" " ind2=" " tag="321"><subfield code="a">Weekly,</subfield><subfield code="b">Dec. 30, 1932-Feb. 27, 1936</subfield></datafield><datafield ind1="0" ind2=" " tag="362"><subfield code="a">27th year, no. 1 (Oct. 13, 1931)- ; -v. 57, no. 12 (Mar. 2, 1958).</subfield></datafield><datafield ind1=" " ind2=" " tag="580"><subfield code="a">Formed by the union of: Southtown economist (Chicago, Ill. : West ed.), and: Southtown economist (Chicago, Ill. : Central ed.), and: Southtown economist (Chicago, Ill. : South ed.), and: Southtown economist (Chicago, Ill. : East ed.).</subfield></datafield><datafield ind1=" " ind2="0" tag="651"><subfield code="a">Chicago (Ill.)</subfield><subfield code="v">Newspapers.</subfield></datafield><datafield ind1=" " ind2="7" tag="651"><subfield code="a">Illinois</subfield><subfield code="z">Chicago.</subfield><subfield code="2">fast</subfield><subfield code="0">(OCoLC)fst01204048</subfield></datafield><datafield ind1=" " ind2="7" tag="655"><subfield code="a">Newspapers.</subfield><subfield code="2">fast</subfield><subfield code="0">(OCoLC)fst01423814</subfield></datafield><datafield ind1=" " ind2=" " tag="752"><subfield code="a">United States</subfield><subfield code="b">Illinois</subfield><subfield code="c">Cook County</subfield><subfield code="d">Chicago.</subfield></datafield><datafield ind1="1" ind2="4" tag="780"><subfield code="t">Southtown economist (Chicago, Ill. : West ed.)</subfield><subfield code="w">(DLC)sn 92055137</subfield><subfield code="w">(OCoLC)26094201</subfield></datafield><datafield ind1="1" ind2="4" tag="780"><subfield code="t">Southtown economist (Chicago, Ill. : Central ed.)</subfield><subfield code="w">(DLC)sn 92055138</subfield><subfield code="w">(OCoLC)26094199</subfield></datafield><datafield ind1="1" ind2="4" tag="780"><subfield code="t">Southtown economist (Chicago, Ill. : South ed.)</subfield><subfield code="w">(DLC)sn 92055139</subfield><subfield code="w">(OCoLC)26094189</subfield></datafield><datafield ind1="1" ind2="4" tag="780"><subfield code="t">Southtown economist (Chicago, Ill. : East ed.)</subfield><subfield code="w">(DLC)sn 92055140</subfield><subfield code="w">(OCoLC)26094183</subfield></datafield><datafield ind1="0" ind2="1" tag="785"><subfield code="t">Southtown economist (Chicago, Ill. : Suburban ed.)</subfield><subfield code="w">(DLC)sn 92055145</subfield><subfield code="w">(OCoLC)26094211</subfield></datafield><datafield ind1="0" ind2="1" tag="785"><subfield code="t">Southtown economist (Chicago, Ill. : South Beverly ed.)</subfield><subfield code="w">(DLC)sn 92055144</subfield><subfield code="w">(OCoLC)26094208</subfield></datafield><datafield ind1="0" ind2="1" tag="785"><subfield code="t">Southtown economist (Chicago, Ill. : North Central ed.)</subfield><subfield code="w">(DLC)sn 92055143</subfield><subfield code="w">(OCoLC)26094207</subfield></datafield><datafield ind1="1" ind2=" " tag="029"><subfield code="a">AU@</subfield><subfield code="b">000020734005</subfield></datafield></record>